<?xml version="1.0" encoding="UTF-8"?>
<collection xmlns="http://www.loc.gov/MARC21/slim">
   <record>
      <leader>01826cam a2200481 a 4500</leader>
      <controlfield tag="001">3193510</controlfield>
      <controlfield tag="003">LTSCA</controlfield>
      <controlfield tag="005">20050822134906.0</controlfield>
      <controlfield tag="008">030825s2003    abca         s000 0 ukro </controlfield>
      <datafield tag="016" ind1=" " ind2=" ">
         <subfield code="a">20039051404</subfield>
      </datafield>
      <datafield tag="020" ind1=" " ind2=" ">
         <subfield code="a">1895380332</subfield>
      </datafield>
      <datafield tag="020" ind1=" " ind2=" ">
         <subfield code="a">1895380456 (student activity book)</subfield>
      </datafield>
      <datafield tag="035" ind1=" " ind2=" ">
         <subfield code="a">ocm52991927</subfield>
      </datafield>
      <datafield tag="040" ind1=" " ind2=" ">
         <subfield code="a">NLC</subfield>
         <subfield code="b">eng</subfield>
         <subfield code="c">NLC</subfield>
         <subfield code="d">AEU</subfield>
      </datafield>
      <datafield tag="041" ind1="0" ind2=" ">
         <subfield code="a">ukr</subfield>
         <subfield code="a">eng</subfield>
      </datafield>
      <datafield tag="049" ind1=" " ind2=" ">
         <subfield code="a">UABA</subfield>
      </datafield>
      <datafield tag="055" ind1="0" ind2="0">
         <subfield code="a">PG3825</subfield>
         <subfield code="b">.N68 2003</subfield>
      </datafield>
      <datafield tag="055" ind1="0" ind2="6">
         <subfield code="a">COP.AL.2.2004-45</subfield>
      </datafield>
      <datafield tag="082" ind1="0" ind2=" ">
         <subfield code="a">491.7/986421</subfield>
         <subfield code="2">22</subfield>
      </datafield>
      <datafield tag="090" ind1=" " ind2=" ">
         <subfield code="a">PG 3825 N68 2003</subfield>
         <subfield code="b">AEU</subfield>
      </datafield>
      <datafield tag="240" ind1="0" ind2="0">
         <subfield code="a">Nova 6 : / povtor-imitat͡sii͡a /</subfield>
      </datafield>
      <datafield tag="245" ind1="0" ind2="0">
         <subfield code="a">Nova 6 : povtor-imitat?sii?a</subfield>
         <subfield code="b">povtor-imitat͡sii͡a /</subfield>
         <subfield code="c">napysaly Larysa Bombak ... [et al.] = Nova 6 : echo acting / written by Larissa Bombak ... [et al.].</subfield>
      </datafield>
      <datafield tag="246" ind1="3" ind2="1">
         <subfield code="a">Nova 6 :</subfield>
         <subfield code="b">echo acting</subfield>
      </datafield>
      <datafield tag="260" ind1=" " ind2=" ">
         <subfield code="a">Edmonton :</subfield>
         <subfield code="b">Ministerstvo ocvity Alʹberty,</subfield>
         <subfield code="c">c2003.</subfield>
      </datafield>
      <datafield tag="300" ind1=" " ind2=" ">
         <subfield code="a">1 v. (various pagings) :</subfield>
         <subfield code="b">ill. ;</subfield>
         <subfield code="c">28 cm.</subfield>
      </datafield>
      <datafield tag="336" ind1=" " ind2=" ">
         <subfield code="a">text</subfield>
         <subfield code="b">txt</subfield>
         <subfield code="2">rdacontent</subfield>
      </datafield>
      <datafield tag="337" ind1=" " ind2=" ">
         <subfield code="a">unmediated</subfield>
         <subfield code="b">n</subfield>
         <subfield code="2">rdamedia</subfield>
      </datafield>
      <datafield tag="338" ind1=" " ind2=" ">
         <subfield code="a">volume</subfield>
         <subfield code="b">nc</subfield>
         <subfield code="2">rdacarrier</subfield>
      </datafield>
      <datafield tag="490" ind1="1" ind2=" ">
         <subfield code="a">Nova : prohrama navchanni͡a ukraïnsʹkoï movy</subfield>
      </datafield>
      <datafield tag="500" ind1=" " ind2=" ">
         <subfield code="a">Accompanied by student activity book.</subfield>
      </datafield>
      <datafield tag="500" ind1=" " ind2=" ">
         <subfield code="a">Cover title.</subfield>
      </datafield>
      <datafield tag="546" ind1=" " ind2=" ">
         <subfield code="a">Text in Ukrainian; includes some text in English.</subfield>
      </datafield>
      <datafield tag="590" ind1=" " ind2=" ">
         <subfield code="a">Approved for use in Alberta schools.</subfield>
      </datafield>
      <datafield tag="596" ind1=" " ind2=" ">
         <subfield code="a">41</subfield>
      </datafield>
      <datafield tag="650" ind1=" " ind2="0">
         <subfield code="a">Ukrainian language</subfield>
         <subfield code="v">Problems, exercises, etc.</subfield>
      </datafield>
      <datafield tag="650" ind1=" " ind2="5">
         <subfield code="a">Ukrainian language</subfield>
         <subfield code="x">Study and teaching as a second language (Primary)</subfield>
      </datafield>
      <datafield tag="650" ind1=" " ind2="5">
         <subfield code="a">Ukrainian language</subfield>
         <subfield code="v">Textbooks for second language learners</subfield>
         <subfield code="x">English speakers.</subfield>
      </datafield>
      <datafield tag="700" ind1="1" ind2=" ">
         <subfield code="a">Bombak, Larissa Natalie,</subfield>
         <subfield code="d">1958-</subfield>
      </datafield>
      <datafield tag="710" ind1="1" ind2=" ">
         <subfield code="a">Alberta.</subfield>
         <subfield code="b">Learning and Teaching Resources Branch.</subfield>
      </datafield>
      <datafield tag="800" ind1="1" ind2=" ">
         <subfield code="a">Viljoen, Fanie.</subfield>
         <subfield code="t">Nova.</subfield>
      </datafield>
      <datafield tag="949" ind1=" " ind2=" ">
         <subfield code="h">UAED-CU-B</subfield>
         <subfield code="i">0162020439178</subfield>
      </datafield>
      <datafield tag="994" ind1=" " ind2=" ">
         <subfield code="a">C0</subfield>
         <subfield code="b">UAB</subfield>
      </datafield>
      <datafield tag="926" ind1=" " ind2=" ">
         <subfield code="a">UAEDUC</subfield>
         <subfield code="b">CURRICULUM</subfield>
         <subfield code="c">PG 3825 N68 2003</subfield>
         <subfield code="d">LOCAL_LOAN</subfield>
         <subfield code="f">1</subfield>
      </datafield>
      <datafield tag="926" ind1=" " ind2=" ">
         <subfield code="a">UAEDUC</subfield>
         <subfield code="b">CURRICULUM</subfield>
         <subfield code="c">PG 3825 N68 2003 std.act. book</subfield>
         <subfield code="d">LOCAL_LOAN</subfield>
         <subfield code="f">1</subfield>
      </datafield>
   </record>
</collection>
